

@misc{cambridge2003providing,
  title={Providing a highway system with reliable travel times},
  author={{Cambridge Systematics, Texas Transportation Institute, Univ. of Washington, and Dowling Associates}},
  year={2003},
  publisher={Transportation Research Board of the National Academies Washington, DC}
}


@article{ewing2009measuring,
  title={Measuring the impact of urban form and transit access on mixed use site trip generation rates??Portland pilot study},
  author={Ewing, R and Greenwald, MJ and Zhang, M and Walters, J and Feldman, M and Cervero, R and Thomas, J},
  journal={US Environmental Protection Agency, Washington, DC},
  year={2009}
}


@article{greenwald2009sacsim,
  title={SACSIM modeling-elasticity results},
  author={Greenwald, MJ},
  journal={Walnut Creek, CA: Fehr and Peers Associates},
  year={2009}
}

@article{kuzmyak2009estimating,
  title={Estimating the travel benefits of blueprint land use concepts},
  author={Kuzmyak, R},
  journal={Unpublished Manuscript. Los Angeles, CA: Southern California Association of Governments},
  year={2009}
}

@article{kuzmyak2009estimates,
  title={Estimates of point elasticities},
author={Kuzmyak, R},
journal={Phoenix, AZ: Maricopa Association of Governments},
year={2009}
}


@book{kittelson2013evaluating,
  title={Evaluating Alternative Operations Strategies to Improve Travel Time Reliability},
  author={Kittelson \& Associates and Second Strategic Highway Research Program (US)},
  year={2013},
  publisher={Transportation Research Board}
}

@article{newton18481687,
  title={1687 Philosophiae naturalis principia mathematica},
  author={Newton, Isaac},
  journal={Reg. Soc. Praeses, London},
  volume={2},
  pages={1--4},
  year={1848}
}

@report{nhts_2009,
  title = {2009 {{National Household Travel Survey}}},
  url = {https://nhts.ornl.gov/documentation.shtml},
  author = {{U.S. Department of Transportation, Federal Highway Administration}},
  date = {2009}
}

@report{ramsey_smart_2014,
  title = {Smart {{Location Database}}: {{Version}} 2.0 {{User Guide}}},
  url = {https://www.epa.gov/smartgrowth/smart-location-mapping#SLD},
    institution = {{US Environment Protection Agency}},
    author = {Ramsey, Kevin and Bell, Alexander},
    date = {2014}
  }
